<record><leader>00000cas a2200000 a 4500</leader><controlfield tag="001">56628373</controlfield><controlfield tag="008">041005d19271928nyuwr ne      0    0eng c</controlfield><datafield ind1=" " ind2=" " tag="010"><subfield code="a">sn2004060508</subfield></datafield><datafield ind1=" " ind2=" " tag="040"><subfield code="a">NYS</subfield><subfield code="b">eng</subfield><subfield code="c">NYS</subfield><subfield code="d">OCLCQ</subfield><subfield code="d">OCLCF</subfield><subfield code="d">OCLCO</subfield></datafield><datafield ind1="1" ind2=" " tag="029"><subfield code="a">AU@</subfield><subfield code="b">000026284619</subfield></datafield><datafield ind1=" " ind2=" " tag="042"><subfield code="a">pcc</subfield></datafield><datafield ind1=" " ind2=" " tag="043"><subfield code="a">n-us-ny</subfield></datafield><datafield ind1="0" ind2="0" tag="245"><subfield code="a">Brooklyn Sunday star.</subfield></datafield><datafield ind1="3" ind2="0" tag="246"><subfield code="a">Sunday star</subfield></datafield><datafield ind1=" " ind2=" " tag="260"><subfield code="a">Brooklyn, N.Y. :</subfield><subfield code="b">Home Talk Pub. Co.,</subfield><subfield code="c">-1928.</subfield></datafield><datafield ind1=" " ind2=" " tag="300"><subfield code="a">v. :</subfield><subfield code="b">ill. ;</subfield><subfield code="c">57 cm.</subfield></datafield><datafield ind1=" " ind2=" " tag="310"><subfield code="a">Weekly</subfield></datafield><datafield ind1="1" ind2=" " tag="362"><subfield code="a">Ceased in 1928.</subfield></datafield><datafield ind1=" " ind2=" " tag="530"><subfield code="a">Available on microfilm from Brooklyn Public Library.</subfield></datafield><datafield ind1=" " ind2=" " tag="580"><subfield code="a">Formed by the union of South Brooklyn home talk and Brooklyn weekly news.</subfield></datafield><datafield ind1=" " ind2=" " tag="580"><subfield code="a">Merged with: Item (Brooklyn, N.Y.), and: Home talk Brooklyn weekly news, to form: Home talk the item, and: Home talk the star.</subfield></datafield><datafield ind1=" " ind2=" " tag="588"><subfield code="a">Description based on: V. 5, no. 2 (Sept. 25, 1927).</subfield></datafield><datafield ind1=" " ind2="0" tag="651"><subfield code="a">Brooklyn (New York, N.Y.)</subfield><subfield code="v">Newspapers.</subfield></datafield><datafield ind1=" " ind2="0" tag="651"><subfield code="a">Kings County (N.Y.)</subfield><subfield code="v">Newspapers.</subfield></datafield><datafield ind1=" " ind2="0" tag="651"><subfield code="a">New York (N.Y.)</subfield><subfield code="v">Newspapers.</subfield></datafield><datafield ind1=" " ind2="7" tag="655"><subfield code="a">Newspapers.</subfield><subfield code="2">fast</subfield><subfield code="0">(OCoLC)fst01423814</subfield></datafield><datafield ind1=" " ind2="7" tag="651"><subfield code="a">New York (State)</subfield><subfield code="z">Kings County.</subfield><subfield code="2">fast</subfield><subfield code="0">(OCoLC)fst01220099</subfield></datafield><datafield ind1=" " ind2="7" tag="651"><subfield code="a">New York (State)</subfield><subfield code="z">New York.</subfield><subfield code="2">fast</subfield><subfield code="0">(OCoLC)fst01204333</subfield></datafield><datafield ind1=" " ind2="7" tag="651"><subfield code="a">New York (State)</subfield><subfield code="z">New York</subfield><subfield code="z">Brooklyn.</subfield><subfield code="2">fast</subfield><subfield code="0">(OCoLC)fst01312516</subfield></datafield><datafield ind1=" " ind2=" " tag="752"><subfield code="a">United States</subfield><subfield code="b">New York</subfield><subfield code="c">Kings</subfield><subfield code="d">Brooklyn (New York, N.Y.)</subfield></datafield><datafield ind1=" " ind2=" " tag="752"><subfield code="a">United States</subfield><subfield code="b">New York</subfield><subfield code="d">New York.</subfield></datafield><datafield ind1="1" ind2="4" tag="780"><subfield code="t">South Brooklyn home talk</subfield><subfield code="w">(DLC)sn 94092979</subfield><subfield code="w">(OCoLC)33471129</subfield></datafield><datafield ind1="1" ind2="4" tag="780"><subfield code="t">Brooklyn weekly news</subfield><subfield code="w">(DLC)sn 96095016</subfield><subfield code="w">(OCoLC)34551376</subfield></datafield><datafield ind1="1" ind2="7" tag="785"><subfield code="t">Item (Brooklyn, N.Y.)</subfield><subfield code="w">(DLC)sn 94092697</subfield><subfield code="w">(OCoLC)32784443</subfield></datafield><datafield ind1="1" ind2="7" tag="785"><subfield code="t">Home talk Brooklyn weekly news</subfield><subfield code="w">(DLC)sn 94092720</subfield><subfield code="w">(OCoLC)32785022</subfield></datafield><datafield ind1="1" ind2="7" tag="785"><subfield code="t">Home talk the item</subfield><subfield code="w">(DLC)sn 94092719</subfield><subfield code="w">(OCoLC)32784953</subfield></datafield><datafield ind1="1" ind2="7" tag="785"><subfield code="t">Home talk the star</subfield><subfield code="w">(DLC)sn 94092718</subfield><subfield code="w">(OCoLC)32784896</subfield></datafield></record>